<?xml version="1.0" encoding="UTF-8"?><record xmlns="http://www.loc.gov/MARC21/slim" xmlns:cinclude="http://apache.org/cocoon/include/1.0" xmlns:zs="http://www.loc.gov/zing/srw/">
  <leader>00465cz  a2200145n  4500</leader>
  <controlfield tag="001">n 2001035911</controlfield>
  <controlfield tag="003">DLC</controlfield>
  <controlfield tag="005">20110915074834.0</controlfield>
  <controlfield tag="008">010626n| acannaabn          |n aaa      </controlfield>
  <datafield tag="010" ind1=" " ind2=" ">
    <subfield code="a">n 2001035911</subfield>
  </datafield>
  <datafield tag="035" ind1=" " ind2=" ">
    <subfield code="a">(OCoLC)oca05520530</subfield>
  </datafield>
  <datafield tag="040" ind1=" " ind2=" ">
    <subfield code="a">DLC</subfield>
    <subfield code="b">eng</subfield>
    <subfield code="c">DLC</subfield>
    <subfield code="d">OCoLC</subfield>
  </datafield>
  <datafield tag="100" ind1="1" ind2=" ">
    <subfield code="a">Cameron, Chad</subfield>
  </datafield>
  <datafield tag="670" ind1=" " ind2=" ">
    <subfield code="a">Musick, Melissa. Gwendolyn Glen-Meadows and the lunchbox blues, 2001:</subfield>
    <subfield code="b">CIP t.p. (Chad Cameron, illustrator)</subfield>
  </datafield>
  <datafield tag="670" ind1=" " ind2=" ">
    <subfield code="a">LC database, 06-26-01</subfield>
    <subfield code="b">(hdg.: Cameron, Chad)</subfield>
  </datafield>
</record>